% This file was created with JabRef 2.10.
% Encoding: ISO8859_1


@Article{Gleisberg:2008ta,
  Title                    = {{Event generation with SHERPA 1.1}},
  Author                   = {Gleisberg, T. and Hoeche, Stefan. and Krauss, F. and
 Schonherr, M. and Schumann, S. and Siegert, F. and Winter,
 J.},
  Journal                  = {JHEP},
  Year                     = {2009},
  Pages                    = {007},
  Volume                   = {02},

  Archiveprefix            = {arXiv},
  Doi                      = {10.1088/1126-6708/2009/02/007},
  Eprint                   = {0811.4622},
  Primaryclass             = {hep-ph},
  Reportnumber             = {FERMILAB-PUB-08-477-T, SLAC-PUB-13420, ZU-TH-17-08,
 DCPT-08-138, IPPP-08-69, EDINBURGH-2008-30, MCNET-08-14},
  Slaccitation             = {%%CITATION = ARXIV:0811.4622;%%}
}

